@article{yaari1965uncertain,
  title={Uncertain lifetime, life insurance, and the theory of the consumer},
  author={Yaari, Menahem E},
  journal={The Review of Economic Studies},
  volume={32},
  number={2},
  pages={137--150},
  year={1965},
  publisher={JSTOR}
}

@article{merton1969lifetime,
  title={Lifetime portfolio selection under uncertainty: The continuous-time case},
  author={Merton, Robert C},
  journal={The review of Economics and Statistics},
  pages={247--257},
  year={1969},
  publisher={JSTOR}
}
@incollection{merton1975optimum,
  title={Optimum consumption and portfolio rules in a continuous-time model},
  author={Merton, Robert C},
  booktitle={Stochastic Optimization Models in Finance},
  pages={621--661},
  year={1975},
  publisher={Elsevier}
}

@article{richard1975optimal,
  title={Optimal consumption, portfolio and life insurance rules for an uncertain lived individual in a continuous time model},
  author={Richard, Scott F},
  journal={Journal of Financial Economics},
  volume={2},
  number={2},
  pages={187--203},
  year={1975},
  publisher={Elsevier}
}

@misc{leung1994uncertain,
  title={Uncertain lifetime, the theory of the consumer, and the life cycle hypothesis},
  author={Leung, Siu Fai},
  year={1994},
  publisher={JSTOR}
}

@article{moerland2020framework,
  title={A framework for reinforcement learning and planning},
  author={Moerland, Thomas M and Broekens, Joost and Jonker, Catholijn M},
  journal={arXiv preprint arXiv:2006.15009},
  year={2020}
}


@book{ye2006optimal,
  title={Optimal life insurance purchase, consumption and portfolio under an uncertain life},
  author={Ye, Jinchun},
  year={2006},
  publisher={University of Illinois at Chicago}
}

@article{irlam2018financial,
  title={Financial Planning via Deep Reinforcement Learning AI},
  author={Irlam, Gordon},
  journal={Available at SSRN 3201703},
  year={2018}
}

@inproceedings{kim2019pomhdp,
  title={POMHDP: Search-based belief space planning using multiple heuristics},
  author={Kim, Sung-Kyun and Salzman, Oren and Likhachev, Maxim},
  booktitle={Proceedings of the International Conference on Automated Planning and Scheduling},
  volume={29},
  pages={734--744},
  year={2019}
}

@article{brunnbauer2021model,
  title={Model-based versus model-free deep reinforcement learning for autonomous racing cars},
  author={Brunnbauer, Axel and Berducci, Luigi and Brandst{\"a}tter, Andreas and Lechner, Mathias and Hasani, Ramin and Rus, Daniela and Grosu, Radu},
  journal={arXiv preprint arXiv:2103.04909},
  year={2021}
}

@article{irlam2020multi,
  title={Multi Scenario Financial Planning via Deep Reinforcement Learning AI},
  author={Irlam, Gordon},
  journal={Available at SSRN 3516480},
  year={2020}
}

@article{bi2020limitations,
  title={Limitations of Retirement Planning Software: Examining Variance between Inputs and Outputs.},
  author={Bi, Rachel Qianwen and Dean, Lukas R and Tang, Jingpeng and Smith, Hyrum L},
  journal={Journal of Financial Service Professionals},
  volume={74},
  number={2},
  year={2020}
}

@article{bi2017financial,
  title={Financial software use and retirement savings},
  author={Bi, Qianwen and Finke, Michael and Huston, Sandra J},
  journal={Journal of Financial Counseling and Planning},
  volume={28},
  number={1},
  pages={107--128},
  year={2017},
  publisher={Springer}
}


@article{dorman2018efficacy,
  title={The Efficacy of Publicly-Available Retirement Planning Tools},
  author={Dorman, Taft and Mulholland, Barry S and Bi, Qianwen and Evensky, Harold},
  journal={Available at SSRN 2732927},
  year={2018}
}

@incollection{poterba2011were,
  title={Were they prepared for retirement? Financial status at advanced ages in the HRS and AHEAD cohorts},
  author={Poterba, James M and Venti, Steven F and Wise, David A},
  booktitle={Investigations in the Economics of Aging},
  pages={21--69},
  year={2011},
  publisher={University of Chicago Press}
}

%@article{hershfield2011future,
  title={Future self-continuity: How conceptions of the future self transform intertemporal choice},
  author={Hershfield, Hal E},
  journal={Annals of the New York Academy of Sciences},
  volume={1235},
  pages={30},
  year={2011},
  publisher={NIH Public Access}
}


@article{bruhn2011household,
  title={Household consumption, investment and life insurance},
  author={Bruhn, Kenneth and Steffensen, Mogens},
  journal={Insurance: Mathematics and Economics},
  volume={48},
  number={3},
  pages={315--325},
  year={2011},
  publisher={Elsevier}
}

@article{kung2020optimal,
  title={Optimal Consumption and Investment Problem Incorporating Housing and Life Insurance Decisions: The Continuous Time Case},
  author={Kung, Ko-Lun and Yang, Shang-Yin},
  journal={Journal of Risk and Insurance},
  volume={87},
  number={1},
  pages={143--171},
  year={2020},
  publisher={Wiley Online Library}
}


@article{kronborg2015optimal,
  title={Optimal consumption, investment and life insurance with surrender option guarantee},
  author={Kronborg, Morten Tolver and Steffensen, Mogens},
  journal={Scandinavian Actuarial Journal},
  volume={2015},
  number={1},
  pages={59--87},
  year={2015},
  publisher={Taylor \& Francis}
}

@article{wei2020optimal,
  title={Optimal consumption--investment and life-insurance purchase strategy for couples with correlated lifetimes},
  author={Wei, Jiaqin and Cheng, Xiang and Jin, Zhuo and Wang, Hao},
  journal={Insurance: Mathematics and Economics},
  volume={91},
  pages={244--256},
  year={2020},
  publisher={Elsevier}
}

@article{shen2016optimal,
  title={Optimal investment-consumption-insurance with random parameters},
  author={Shen, Yang and Wei, Jiaqin},
  journal={Scandinavian Actuarial Journal},
  volume={2016},
  number={1},
  pages={37--62},
  year={2016},
  publisher={Taylor \& Francis}
}

@article{pliska2007optimal,
  title={Optimal life insurance purchase and consumption/investment under uncertain lifetime},
  author={Pliska, Stanley R and Ye, Jinchun},
  journal={Journal of Banking \& Finance},
  volume={31},
  number={5},
  pages={1307--1319},
  year={2007},
  publisher={Elsevier}
}

@article{chen2020time,
  title={Time-inconsistent preferences, consumption, investment and life insurance decisions},
  author={Chen, Shou and Li, Guangbing},
  journal={Applied Economics Letters},
  volume={27},
  number={5},
  pages={392--399},
  year={2020},
  publisher={Taylor \& Francis}
}

@article{de2014consumption,
  title={Consumption, investment and life insurance strategies with heterogeneous discounting},
  author={De-Paz, Albert and Marin-Solano, Jesus and Navas, Jorge and Roch, Oriol},
  journal={Insurance: Mathematics and Economics},
  volume={54},
  pages={66--75},
  year={2014},
  publisher={Elsevier}
}
@article{green2004discounting,
  title={A discounting framework for choice with delayed and probabilistic rewards.},
  author={Green, Leonard and Myerson, Joel},
  journal={Psychological bulletin},
  volume={130},
  number={5},
  pages={769},
  year={2004},
  publisher={American Psychological Association}
}

@article{razek2011overview,
  title={An overview of behavioral finance and revisiting the behavioral life cycle hypothesis},
  author={Razek, Yasmine H Abdel},
  journal={IUP Journal of Behavioral Finance},
  volume={8},
  number={3},
  pages={7},
  year={2011},
  publisher={IUP Publications}
}


@article{levin1998assets,
  title={Are assets fungible?: Testing the behavioral theory of life-cycle savings},
  author={Levin, Laurence},
  journal={Journal of Economic Behavior \& Organization},
  volume={36},
  number={1},
  pages={59--83},
  year={1998},
  publisher={Elsevier}
}

@article{karlsson1997effects,
  title={Effects of mental accounting on intertemporal choice},
  author={Karlsson, Niklas and Garling, Tommy and Selart, Marcus},
  journal={Karlsson, N., Garling, T., \& Selart, M.(1997). Effects of Mental Accounting on Intertemporal Choice. G{\"o}teborg Psychological Research},
  volume={27},
  year={1997}
}

@article{martin2018examining,
  title={Examining Financial Risk Tolerance Via Mental Accounting and the Behavioral Life-Cycle Hypothesis},
  author={Martin, William C and Davari, Arezoo},
  journal={Academy of Marketing Studies Journal},
  volume={22},
  number={4},
  pages={1--13},
  year={2018},
  publisher={Jordan Whitney Enterprises, Inc}
}


@article{polunin2011temporal,
  title={TEMPORAL PROCESSES IN TOPICAL MENTAL ACCOUNTING1},
  author={Polunin, Oleksiy},
  journal={Studia Psychologica},
  volume={53},
  number={3},
  pages={275},
  year={2011},
  publisher={Institute of Experimental Psychology, Slovak Academy of Sciences}
}

@article{shefrin1988behavioral,
  title={The behavioral life-cycle hypothesis},
  author={Shefrin, Hersh M and Thaler, Richard H},
  journal={Economic inquiry},
  volume={26},
  number={4},
  pages={609--643},
  year={1988},
  publisher={Wiley Online Library}
}

@article{van2013towards,
  title={Towards a general model of temporal discounting},
  author={Van den Bos, Wouter and McClure, Samuel M},
  journal={Journal of the experimental analysis of behavior},
  volume={99},
  number={1},
  pages={58--73},
  year={2013},
  publisher={Wiley Online Library}
}

@incollection{iparraguirre2019behavioural,
  title={Behavioural Economics and Individual Ageing},
  author={Iparraguirre, Jos{\'e} Luis},
  booktitle={Economics and Ageing},
  pages={337--368},
  year={2019},
  publisher={Springer}
}


@article{ab2020inverse,
  title={From inverse optimal control to inverse reinforcement learning: A historical review},
  author={Ab Azar, Nematollah and Shahmansoorian, Aref and Davoudi, Mohsen},
  journal={Annual Reviews in Control},
  volume={50},
  pages={119--138},
  year={2020},
  publisher={Elsevier}
}

@article{jaafra2019reinforcement,
  title={Reinforcement learning for neural architecture search: A review},
  author={Jaafra, Yesmina and Laurent, Jean Luc and Deruyver, Aline and Naceur, Mohamed Saber},
  journal={Image and Vision Computing},
  volume={89},
  pages={57--66},
  year={2019},
  publisher={Elsevier}
}

@article{shin2019reinforcement,
  title={Reinforcement Learning--Overview of recent progress and implications for process control},
  author={Shin, Joohyun and Badgwell, Thomas A and Liu, Kuang-Hung and Lee, Jay H},
  journal={Computers \& Chemical Engineering},
  volume={127},
  pages={282--294},
  year={2019},
  publisher={Elsevier}
}

@inproceedings{nagabandi2018neural,
  title={Neural network dynamics for model-based deep reinforcement learning with model-free fine-tuning},
  author={Nagabandi, Anusha and Kahn, Gregory and Fearing, Ronald S and Levine, Sergey},
  booktitle={2018 IEEE International Conference on Robotics and Automation (ICRA)},
  pages={7559--7566},
  year={2018},
  organization={IEEE}
}

@article{gosavi2009reinforcement,
  title={Reinforcement learning: A tutorial survey and recent advances},
  author={Gosavi, Abhijit},
  journal={INFORMS Journal on Computing},
  volume={21},
  number={2},
  pages={178--192},
  year={2009},
  publisher={INFORMS}
}

@inproceedings{ding2010post,
  title={Post-retirement financial planning with discrete dynamic programming: a practical approach},
  author={Ding, Jie},
  booktitle={23rd Australasian Finance and Banking Conference},
  year={2010}
}

@book{judd1998numerical,
  title={Numerical methods in economics},
  author={Judd, Kenneth L and Judd, Kenneth L},
  year={1998},
  publisher={MIT press}
}

@incollection{bucsoniu2010approximate,
  title={Approximate dynamic programming and reinforcement learning},
  author={Bu{\c{s}}oniu, Lucian and De Schutter, Bart and Babu{\v{s}}ka, Robert},
  booktitle={Interactive collaborative information systems},
  pages={3--44},
  year={2010},
  publisher={Springer}
}

@article{levine2018reinforcement,
  title={Reinforcement learning and control as probabilistic inference: Tutorial and review},
  author={Levine, Sergey},
  journal={arXiv preprint arXiv:1805.00909},
  year={2018}
}

@article{liu2020adaptive,
  title={Adaptive dynamic programming for control: a survey and recent advances},
  author={Liu, Derong and Xue, Shan and Zhao, Bo and Luo, Biao and Wei, Qinglai},
  journal={IEEE Transactions on Systems, Man, and Cybernetics: Systems},
  year={2020},
  publisher={IEEE}
}

@misc{hammoudeh2018concise,
  title={A concise introduction to reinforcement learning},
  author={Hammoudeh, Ahmad},
  year={2018}
}

@article{arulkumaran2017brief,
  title={A brief survey of deep reinforcement learning},
  author={Arulkumaran, Kai and Deisenroth, Marc Peter and Brundage, Miles and Bharath, Anil Anthony},
  journal={arXiv preprint arXiv:1708.05866},
  year={2017}
}

@article{li2019human,
  title={Human-centered reinforcement learning: A survey},
  author={Li, Guangliang and Gomez, Randy and Nakamura, Keisuke and He, Bo},
  journal={IEEE Transactions on Human-Machine Systems},
  volume={49},
  number={4},
  pages={337--349},
  year={2019},
  publisher={IEEE}
}


@book{liu2017adaptive,
  title={Adaptive dynamic programming with applications in optimal control},
  author={Liu, Derong and Wei, Qinglai and Wang, Ding and Yang, Xiong and Li, Hongliang},
  year={2017},
  publisher={Springer}
}

@inproceedings{li2017deep,
  title={Deep reinforcement learning: Framework, applications, and embedded implementations},
  author={Li, Hongjia and Wei, Tianshu and Ren, Ao and Zhu, Qi and Wang, Yanzhi},
  booktitle={2017 IEEE/ACM International Conference on Computer-Aided Design (ICCAD)},
  pages={847--854},
  year={2017},
  organization={IEEE}
}

@article{wang2009adaptive,
  title={Adaptive dynamic programming: An introduction},
  author={Wang, Fei-Yue and Zhang, Huaguang and Liu, Derong},
  journal={IEEE computational intelligence magazine},
  volume={4},
  number={2},
  pages={39--47},
  year={2009},
  publisher={IEEE}
}

@article{powell2009you,
  title={What you should know about approximate dynamic programming},
  author={Powell, Warren B},
  journal={Naval Research Logistics (NRL)},
  volume={56},
  number={3},
  pages={239--249},
  year={2009},
  publisher={Wiley Online Library}
}

@article{eckstein2021reinforcement,
  title={What do reinforcement learning models measure? Interpreting model parameters in cognition and neuroscience},
  author={Eckstein, Maria K and Wilbrecht, Linda and Collins, Anne GE},
  journal={Current Opinion in Behavioral Sciences},
  volume={41},
  pages={128--137},
  year={2021},
  publisher={Elsevier}
}

@book{sutton2018reinforcement,
  title={Reinforcement learning: An introduction},
  author={Sutton, Richard S and Barto, Andrew G},
  year={2018},
  publisher={MIT press}
}

@article{moerland2020model,
  title={Model-based reinforcement learning: A survey},
  author={Moerland, Thomas M and Broekens, Joost and Jonker, Catholijn M},
  journal={arXiv preprint arXiv:2006.16712},
  year={2020}
}

@article{franccois2018introduction,
  title={An introduction to deep reinforcement learning},
  author={Fran{\c{c}}ois-Lavet, Vincent and Henderson, Peter and Islam, Riashat and Bellemare, Marc G and Pineau, Joelle},
  journal={arXiv preprint arXiv:1811.12560},
  year={2018}
}

@article{hafner2019dream,
  title={Dream to control: Learning behaviors by latent imagination},
  author={Hafner, Danijar and Lillicrap, Timothy and Ba, Jimmy and Norouzi, Mohammad},
  journal={arXiv preprint arXiv:1912.01603},
  year={2019}
}


